@inproceedings{abadi2016,
title	= {TensorFlow: A system for large-scale machine learning},
author	= {Martin Abadi and Paul Barham and Jianmin Chen and Zhifeng Chen and Andy Davis and Jeffrey Dean and Matthieu Devin and Sanjay Ghemawat and Geoffrey Irving and Michael Isard and Manjunath Kudlur and Josh Levenberg and Rajat Monga and Sherry Moore and Derek G. Murray and Benoit Steiner and Paul Tucker and Vijay Vasudevan and Pete Warden and Martin Wicke and Yuan Yu and Xiaoqiang Zheng},
year	= {2016},
URL	= {https://www.usenix.org/system/files/conference/osdi16/osdi16-abadi.pdf},
booktitle	= {12th USENIX Symposium on Operating Systems Design and Implementation (OSDI 16)},
pages	= {265--283}
}


@book{anthony2001,
	author    = {Martin Anthony},
	title     = {Discrete Mathematics of Neural Networks},
	publisher = {Society for Industrial and Applied Mathematics},
	year      = {2001},
}

@article{baker2016,
	author    = {Bowen Baker and Otkrist Gupta and Nikhil Naik and Ramesh Raskar},
	title     = {Designing Neural Network Architectures using Reinforcement Learning},
	journal   = {CoRR},
	volume    = {abs/1611.02167},
	year      = {2016},
	url       = {http://arxiv.org/abs/1611.02167},
	timestamp = {Mon, 13 Aug 2018 16:47:42 +0200},
	biburl    = {https://dblp.org/rec/bib/journals/corr/BakerGNR16},
	bibsource = {dblp computer science bibliography, https://dblp.org}
}

@article{bergstra2013,
	author    = {J. Bergstra and D. Yamins and D.D. Cox},
	title     = {Making a Science of Model Search: Hyperparameter Optimization
	in Hundreds of Dimensions for Vision Architectures},
	journal   = {Proceedings of the 30 th International Conference on Machine Learning},
	volume    = {28},
	year      = {2013}
}

@article{brock2017,
	author    = {Andrew Brock and Theodore Lim and James M. Ritchie and Nick Weston},
	title     = {{SMASH:} One-Shot Model Architecture Search through HyperNetworks},
	journal   = {CoRR},
	volume    = {abs/1708.05344},
	year      = {2017}
}

@article{brown2020,
  author    = {Tom B. Brown and
               Benjamin Mann and
               Nick Ryder and
               Melanie Subbiah and
               Jared Kaplan and
               Prafulla Dhariwal and
               Arvind Neelakantan and
               Pranav Shyam and
               Girish Sastry and
               Amanda Askell and
               Sandhini Agarwal and
               Ariel Herbert{-}Voss and
               Gretchen Krueger and
               Tom Henighan and
               Rewon Child and
               Aditya Ramesh and
               Daniel M. Ziegler and
               Jeffrey Wu and
               Clemens Winter and
               Christopher Hesse and
               Mark Chen and
               Eric Sigler and
               Mateusz Litwin and
               Scott Gray and
               Benjamin Chess and
               Jack Clark and
               Christopher Berner and
               Sam McCandlish and
               Alec Radford and
               Ilya Sutskever and
               Dario Amodei},
  title     = {Language Models are Few-Shot Learners},
  journal   = {CoRR},
  volume    = {abs/2005.14165},
  year      = {2020},
  url       = {https://arxiv.org/abs/2005.14165},
  eprinttype = {arXiv},
  eprint    = {2005.14165},
  timestamp = {Wed, 03 Jun 2020 11:36:54 +0200},
  biburl    = {https://dblp.org/rec/journals/corr/abs-2005-14165.bib},
  bibsource = {dblp computer science bibliography, https://dblp.org}
}

@article{cai2018,
	author	  = {Han Cai and Ligeng Zhu and Song Han},
	title	  = {ProxylessNAS: Direct Neural Architecture Search on Target Task and Hardware},
	journal   = {CoRR},
  	volume    = {abs/1812.00332},
  	year      = {2018},
}

@article{chen2021,
	author    = {Wuyang Chen and Xinyu Gong and Zhangyang Wang},
  	title     = {Neural Architecture Search on {ImageNet} in Four {GPU} Hours: {A} Theoretically
               Inspired Perspective},
  	journal   = {CoRR},
  	volume    = {abs/2102.11535},
  	year      = {2021},
}

@misc{dwaraknath2014,
	author  = {Rajat Vadiraj Dwaraknath},
	title	= {Understanding the Neural Tangent Kernel},
	year = {2019},
	howpublished = {\url{https://rajatvd.github.io/NTK/}},
	note = {Accessed: 2021-07-30}
}

@article{deng2009,
    author  = {Jia Deng and Wei Dong and Richard Socher and Li-Jia Li and Kai Li and Li Fei-Fei},
    title   = {{ImageNet}: A Large-Scale Hierarchical Image Database},
    journal = {IEEE Conference on Computer Vision and Pattern Recognition},
    year    = {2009}
}

@article{deng2014,
	author  = {Olga Russakovsky and Jia Deng and Hao Su and Jonathan Krause and
	Sanjeev Satheesh and Sean Ma and Zhiheng Huang and Andrej Karpathy and
	Aditya Khosla and Michael Bernstein and Alexander C. Berg and Li Fei-Fei},
	title	= {{ImageNet} Large Scale Visual Recognition Challenge},
	journal	= {CoRR},
	volume	= {abs/1409.0575},
	year 	= {2014},
}

@article{devries2017,
	author  = {Terrance DeVries and Graham W. Taylor},
	title	= {Improved Regularization of Convolutional Neural Networks with {Cutout}},
	journal	= {CoRR},
	volume	= {abs/1708.04552},
	year 	= {2017},
}

@inproceedings{dong2020,
  title     = {NAS-Bench-201: Extending the Scope of Reproducible Neural Architecture Search},
  author    = {Dong, Xuanyi and Yang, Yi},
  booktitle = {International Conference on Learning Representations (ICLR)},
  url       = {https://openreview.net/forum?id=HJxyZkBKDr},
  year      = {2020}
}

@article{geada2020,
	author    = {Rob Geada and
               Dennis Prangle and
               Andrew Stephen McGough},
	title     = {{Bonsai-Net}: One-Shot Neural Architecture Search via Differentiable Pruners},
	journal   = {CVPR-NAS 2020},
	year      = {2020}
}

@article{geada2022,
	author    = {Rob Geada and
               Andrew Stephen McGough},
	title     = {{SpiderNet}: Hybrid Differentiable-Evolutionary Architecture Search via Train-Free Metrics},
	journal   = {CVPR-NAS 2022},
	year      = {2022}
}

@article{glorot2011,
	title 		= {Deep Sparse Rectifier Neural Networks},
	author 		= {Xavier Glorot and Antoine Bordes and Yoshua Bengio},
	booktitle 	= {Proceedings of the Fourteenth International Conference on Artificial Intelligence and Statistics},
	pages 		= {315--323},
	year 		= {2011},
	editor 		= {Geoffrey Gordon and David Dunson and Miroslav Dud√≠k},
	volume 		= {15},
	journal 		= {Proceedings of Machine Learning Research},
	publisher 	= {PMLR},
}


@book{goodfellow2016,
	title	= {Deep Learning},
	author = {Ian Goodfellow and Yoshua Bengio and Aaron Courville},
    publisher = {MIT Press},
    year = {2016},
    page = {413},
}

@article{he2015,
	author    = {Kaiming He and Xiangyu Zhang and Shaoqing Ren and Jian Sun},
	title     = {Deep Residual Learning for Image Recognition},
	journal   = {ICLR},
	year      = {2015}
}

@article{huang2018,
	author    = {Yanping Huang and Yonglong Cheng and Dehao Chen and HyoukJoong Lee and Jiquan Ngiam and Quoc V. Le and Zhifeng Chen},
	title     = {GPipe: Efficient Training of Giant Neural Networks using Pipeline Parallelism},
	journal   = {CoRR},
	volume    = {abs/1811.06965},
	year      = {2018}
}

@article{ioffe2015,
	author    = {Sergey Ioffe and Christian Szegedy},
	title     = {Batch Normalization: Accelerating Deep Network Training by Reducing Internal Covariate Shift},
	journal   = {CoRR},
	volume    = {abs/1502.03167},
	year      = {2015},
}


@article{jacot2018,
  author    = {Arthur Jacot and
               Franck Gabriel and
               Cl{\'{e}}ment Hongler},
  title     = {Neural Tangent Kernel: Convergence and Generalization in Neural Networks},
  journal   = {CoRR},
  volume    = {abs/1806.07572},
  year      = {2018}
}

@misc{KarpathySite,
	author = {Andrej Karpathy},
	title = {Karpathy.ai},
	howpublished = {\url{https://karpathy.ai/}},
	note = {Accessed: 2021-12-29},
	year = {2021},
}

@article{kim2019v1,
	author    = {Jaedeok Kim and Chiyoun Park and Hyun-Joo Jung and Yoonsuck Choe},
	title     = {Differentiable Pruning Method for Neural Networks},
	journal   = {CoRR},
	volume    = {abs/1904.10921},
	year      = {2019},
}

@article{kim2019v2,
	author    = {Jaedeok Kim and Chiyoun Park and Hyun-Joo Jung and Yoonsuck Choe},
	title     = {Plug-in, Trainable Gate for Streamlining Arbitrary Neural Networks},
	journal   = {CoRR},
	volume    = {abs/1904.10921},
	year      = {2019},
}

@article{kingma2015,
	author = {Diederik P Kingma and Jimmy Ba},
	title = {Adam: A Method for Stochastic Optimization},
	journal = {ICLR},
	year = {2015},
}

@article{kriv2009,
	author  = {Alex Krizhevsky},
	title   = {Learning Multiple Layers of Features from Tiny Images},
	journal = {University of Toronto},
	year    = {2009},
}

@article{kriv2012,
	author    = {Alex Krizhevsky and Ilya Sutskever and Geoffrey E. Hinton},
	title     = {{ImageNet} Classification with Deep Convolutional Neural Networks},
	journal   = {NIPS},
	year      = {2012}
}

@article{krogh1992,
	author    = {Anders Krogh and John A. Hertz},
	title     = {A Simple Weight Decay Can Improve Generalization},
	journal   = {NIPS},
	year      = {1992},
}

@article{larsson2016,
 	author    = {Gustav Larsson and Michael Maire and Gregory Shakhnarovich},
  	title     = {FractalNet: Ultra-Deep Neural Networks without Residuals},
  	journal   = {CoRR},
  	volume    = {abs/1605.07648},
  	year      = {2016},
}


@misc{lecun1998,
  title = {Gradient-Based Learning Applied to Document Recognition},
  author = {Yann LeCun and Leon Bottou and Yoshua Bengio and Patrick Haffner},
  journal   = {Proceedings of the IEE},
  year      = {1998},
}

@article{lecun1989,
	author    = {Y. LeCun and B. Boser and J.S. Denker and D. Henderson and R.E. Howard and W. Hubbard and L.D. Jackel},
	title     = {Backpropagation Applied to Handwritten Zip Code Recognition},
	journal   = {Neural Computation},
	year      = {1989},
	pages     = {541-551}
}

@article{li2019,
	author    = {Liam Li and Ameet Talwalkar},
	title     = {Random Search and Reproducibility for Neural Architecture Search},
	journal   = {CoRR},
	volume    = {abs/1902.07638},
	year      = {2019},
	url       = {http://arxiv.org/abs/1902.07638},
}

@article{lin2013,
	author    = {Min Lin and Qiang Chen and Shuicheng Yan},
	title     = {{Network In Network}},
	journal   = {CoRR},
	volume    = {abs/1312.4400},
	year      = {2013},
}

@article{liu2017,
	author    = {Chenxi Liu and
               Barret Zoph and
               Jonathon Shlens and
               Wei Hua and
               Li{-}Jia Li and
               Li Fei{-}Fei and
               Alan L. Yuille and
               Jonathan Huang and
               Kevin Murphy},
  	title     = {Progressive Neural Architecture Search},
  	journal   = {CoRR},
  	volume    = {abs/1712.00559},
	year      = {2017}
}

@article{liu2018,
	author    = {Hanxiao Liu and Karen Simonyan and Yiming Yang},
	title     = {{DARTS:} Differentiable Architecture Search},
	journal   = {CoRR},
	volume    = {abs/1806.09055},
	year      = {2018},
}



@article{loshchilov2016,
	author    = {Ilya Loshchilov and Frank Hutter},
	title     = {{SGDR:} Stochastic Gradient Descent with Warm Restarts},
	journal   = {ICLR},
	volume    = {abs/1806.09055},
	year      = {2016},
}

@article{lundberg2017,
  author    = {Scott Lundberg and
               Su{-}In Lee},
  title     = {A Unified Approach to Interpreting Model Predictions},
  journal   = {NIPS},
  volume    = {abs/1705.07874},
  year      = {2017},
}
@article{luo2019,
	author    = {1Renqian Luo and Fei Tian and Tao Qin and Enhong Chen and Tie-Yan Liu},
	title     = {Neural Architecture Optimization},
	journal   = {CoRR},
	volume    = {abs/1808.07233},
	year      = {2018},
}

@inproceedings{maas2013,
	title 		= {Rectifier Nonlinearities Improve Neural Network Acoustic Models},
	author 		= {Andrew L. Maas and Awni Y. Hannun and Andrew Y. Ng},
	year 		= {2013},
	booktitle 	= {{JMLR} Workshop and Conference Proceedings},
	volume 		= {30},
	journal 	= {Proceedings of the 30th International Conference on Machine Learning}
}

@article{martello1980,
	author = {Silvano Martello and Paolo Toth},
	title = {Optimal and canonical solutions of the change making problem},
	journal = {European Journal of Operation Research},
	volume = {4},
	year = {1980},
}

@article{miller1995,
    author = {Brad L. Miller and Brad L. Miller and David E. Goldberg and David E. Goldberg},
    title = {Genetic Algorithms, Tournament Selection, and the Effects of Noise},
    journal = {Complex Systems},
    year = {1995},
    volume = {9},
    pages = {193--212}
}

@article{pascanu2013,
	author    = {Razvan Pascanu and Guido Montufar and Yoshua Bengio},
	title     = {On the number of response regions of deep feed forward networks with piece-wise linear activations},
	journal   = {CoRR},
	volume    = {abs/1312.6098},
	year      = {2013},
	url       = {http://arxiv.org/abs/1312.6098},
}

@article{paszke2019,
  author    = {Adam Paszke and
               Sam Gross and
               Francisco Massa and
               Adam Lerer and
               James Bradbury and
               Gregory Chanan and
               Trevor Killeen and
               Zeming Lin and
               Natalia Gimelshein and
               Luca Antiga and
               Alban Desmaison and
               Andreas K{\"{o}}pf and
               Edward Z. Yang and
               Zach DeVito and
               Martin Raison and
               Alykhan Tejani and
               Sasank Chilamkurthy and
               Benoit Steiner and
               Lu Fang and
               Junjie Bai and
               Soumith Chintala},
  title     = {PyTorch: An Imperative Style, High-Performance Deep Learning Library},
  journal   = {CoRR},
  volume    = {abs/1912.01703},
  year      = {2019},
  url       = {http://arxiv.org/abs/1912.01703},
  eprinttype = {arXiv},
  eprint    = {1912.01703},
  timestamp = {Tue, 02 Nov 2021 15:18:32 +0100},
  biburl    = {https://dblp.org/rec/journals/corr/abs-1912-01703.bib},
  bibsource = {dblp computer science bibliography, https://dblp.org}
}


@article{pham2018,
	author    = {Hieu Pham and Melody Y. Guan and Barret Zoph and Quoc V. Le and Jeff Dean},
	title     = {Efficient Neural Architecture Search via Parameter Sharing},
	journal   = {CoRR},
	volume    = {abs/1802.03268},
	year      = {2018},
	url       = {http://arxiv.org/abs/1802.03268},
}

@article{qian1999,
	author    = {Ning Qian},
	title     = {On the Momentum Term in Gradient Descent Learning Algorithms},
	journal   = {Neural Network Society},
	year      = {1999},
}


@article{real2017,
	author    = {Esteban Real and
	Sherry Moore and
	Andrew Selle and
	Saurabh Saxena and
	Yutaka Leon Suematsu and
	Quoc V. Le and
	Alex Kurakin},
	title     = {Large-Scale Evolution of Image Classifiers},
	journal   = {CoRR},
	volume    = {abs/1312.4400},
	year      = {2017},
}

@article{real2018,
	author    = {Esteban Real and
	Alok Aggarwal and
	Yanping Huang and
	Quoc V. Le},
	title     = {Regularized Evolution for Image Classifier Architecture Search},
	journal   = {CoRR},
	volume    = {abs/1802.01548},
	year      = {2018},
}

@article{ren2020,
  author    = {Pengzhen Ren and
               Yun Xiao and
               Xiaojun Chang and
               Po{-}Yao Huang and
               Zhihui Li and
               Xiaojiang Chen and
               Xin Wang},
  title     = {A Comprehensive Survey of Neural Architecture Search: Challenges and
               Solutions},
  journal   = {CoRR},
  volume    = {abs/2006.02903},
  year      = {2020}
}

@article{samsung2021,
	author    = {{Samsung R\&D Institute China}},
	title     = {{SRC-B} Won the 1st Place in {CVPR-NAS} 2021 {Competition}},
	year      = {2021},
	howpublished = {\url{https://research.samsung.com/news/SRC-B-Won-the-1st-Place-in-CVPR-NAS-2021-Competition}},
}


@article{sciuto2019,
	author    = {Christian Sciuto and
	Kaicheng Yu and
	Martin Jaggi and
	Claudiu Musat and
	Mathieu Salzmann},
	title     = {Evaluating the Search Phase of Neural Architecture Search},
	journal   = {CoRR},
	volume    = {abs/1902.08142},
	year      = {2019},
}

@article{silver2018,
	author = {David Silver and Thomas Hubert and Julian Schrittwieser and Ioannis Antonoglou and Matthew Lai and Arthur Guez and Marc Lanctot and Laurent Sifre and Dharshan Kumaran and Thore Graepel and Timothy Lillicrap and Karen Simonyan and Demis Hassabis},
	title = {A general reinforcement learning algorithm that masters chess, shogi and Go through self-play},
	year = {2018},
	journal = {Science}
}

@article{simon2014,
	author    = {K. Simonyan and A. Zisserman},
	title     = {Very Deep Convolution Networks for Large-Scale Image Recognition},
	journal   = {ICLR},
	year      = {2015}
}

@article{smith2017,
  author    = {Samuel L. Smith and
               Quoc V. Le},
  title     = {A {Bayesian} Perspective on Generalization and Stochastic Gradient Descent},
  journal   = {CoRR},
  volume    = {abs/1710.06451},
  year      = {2017},
  url       = {http://arxiv.org/abs/1710.06451},
}


@article{srivastava2014,
	author    = {Nitish Srivastava and Geoffrey Hinton and Alex Krizhevsky and Ilya Sutskever and  Ruslan Salakhutdinov},
	title     = {Dropout: A Simple Way to Prevent Neural Networks from Overfitting},
	journal   = {JMLR},
	year      = {2014}
}


@article{stinchcombe1989,
    author  = {Maxwell Stinchcombe and Halbert White},
    title   = {Multilayer Feedforward Networks are Universal Approximators },
    journal = {Neural Networks},
    year    = {1989}
}

@article{sumbul2019,
	author = {Gencer Sumbul and Marcela Charfuelan and Begum Demir and Volker Markl},
	title = {BigEarthNet: A Large-Scale Benchmark Archive for Remote Sensing Image Understanding},
	year = {2019}
}

@article{szegedy2014,
	author    = {Christian Szegedy and Wei Liu and Yangqing Jia and Pierre Sermanet and Scott E. Reed and Dragomir Anguelov and Dumitru Erhan and Vincent Vanhoucke and Andrew Rabinovich},
	title     = {Going Deeper with Convolutions},
	journal   = {CoRR},
	year      = {2014}
}

@article{tan2019,
	author    = {Mingxing Tan and Quoc V. Le},
	title     = {EfficientNet: Rethinking Model Scaling for Convolutional Neural Networks},
	journal   = {CoRR},
	volume    = {abs/1905.11946},
	year      = {2019},
	url       = {http://arxiv.org/abs/1905.11946},
	eprint    = {1905.11946},
	timestamp = {Mon, 03 Jun 2019 13:42:33 +0200},
	biburl    = {https://dblp.org/rec/bib/journals/corr/abs-1905-11946},
	bibsource = {dblp computer science bibliography, https://dblp.org}
}

@article{torralba2008,
	author = {Antonio Torralba and Rob Fergus and William T. Freeman},
	title = {80 million tiny images: a large dataset for
non-parametric object and scene recognition},
	journal = {IEEE Transactions on Pattern Analysis and Machine Intelligence},
	year = {2008},

}

@article{walsh2020,
	author = {Fergus Walsh},
	title = {{AI} outperforms doctors diagnosing breast cancer},
	journal = {BBC News},
	year = {2020},

}

@article{wright1975,
	author    = {J.W. Wright},
	title     = {The Change-Making Problem},
	journal   = {ACM},
	volume    = {22},
	issue 	  = {1},
	year      = {1975}
}

@article{xi2019,
 	author = {Saining Xie and Alexander Kirillov and Ross Girshick and Kaiming He},
 	title = {Exploring Randomly Wired Neural Networks for Image Recognition},
	 journal   = {CoRR},
 	volume    = {abs/1904.01569},
 	year = 2020
}

@online{xiao2017,
  author       = {Han Xiao and Kashif Rasul and Roland Vollgraf},
  title        = {Fashion-MNIST: a Novel Image Dataset for Benchmarking Machine Learning Algorithms},
  date         = {2017-08-28},
  year         = {2017},
  eprintclass  = {cs.LG},
  eprinttype   = {arXiv},
  eprint       = {cs.LG/1708.07747},
}


@article{xu2020,
 	author = {Yuhui Xu and Lingxi Xie and Xiaopeng Zhang and Xin Chen and
	Guo-Jun Qi and Qi Tian amd Hongkai Xiong},
 	title = {{PC-DARTS:} Partial Channel Connections for Memory-Efficient Architecture Search},
	 journal   = {CoRR},
 	volume    = {abs/1907.05737},
 	year = 2020
}

@article{ye2018,
	 author = {Tengqi Ye},
	 title = {Visual Object Detection from Lifelogs using Visual Non-lifelog Data},
	 journal   = {},
	 year = 2018
}

@article{yu2019,
	 author = {Kaicheng Yu and Christian Sciuto and Martin Jaggi and Claudiu Musat and Mathieu Salzman},
	 title = {Evaluating the Search Phase of Neural Architecture Search},
	 journal   = {CoRR},
 	 volume    = {abs/1902.08142},
	 year = 2019
}


@article{zoph2017,
	author    = {Barret Zoph and Quoc V. Le},
	title     = {Neural Architecture Search with Reinforcement Learning},
	journal   = {arXiv preprint arXiv:1611.01578},
	year      = {2017}
}

@article{zoph_sir2017,
	author   = {Barret Zoph and Vijay Vasudevan and Jonathon Shlens and Quoc V. Le},
	title       = {Learning Transferable Architectures for Scalable Image Recognition},
	journal  = {CoRR},
  	volume = {abs/1707.07012},
  	year      = {2017},
}

@article{zhou2019,
	author   = {Hongpeng Zhou and Minghao Yang and Jun Wang and Wei Pan},
	title    = {BayesNAS: {A} {Bayesian} Approach for Neural Architecture Search},
	journal  = {CoRR},
  	volume 	 = {abs/1905.04919},
  	year     = {2019},
}

@misc{AzurePricing,
  title = {Linux Virtual Machines Pricing},
  author = {{Microsoft Azure}},
  year = {2021},
  howpublished = {\url{https://azure.microsoft.com/en-gb/pricing/details/virtual-machines/linux/}},
  note = {Accessed: 2021-02-26}
}

@misc{CUDASite,
  title = {CUDA Zone},
  author = {{NVidia}},
  year = {2021},
  howpublished = {\url{https://developer.nvidia.com/cuda-zone}},
  note = {Accessed: 2021-09-13}
}

@misc{TorchSite,
  title = {{PyTorch}},
  author = {{PyTorch}},
  year = {2021},
  howpublished = {\url{https://pytorch.org/}},
  note = {Accessed: 2021-06-21}
}

@misc{TensorflowSite,
  title = {TensorFlow},
  author = {{TensorFlow}},
  year = {2021},
  howpublished = {\url{https://www.tensorflow.org/}},
  note = {Accessed: 2021-06-21}
}

@misc{UKEnergyPrice,
	title= {Quarterly Energy Prices, {December} 2021},
	author = {{UK Department for Business, Energy, and Industrial Strategy}},
	year = {2021},
	howpublished = {\url{https://assets.publishing.service.gov.uk/government/uploads/system/uploads/attachment_data/file/1043434/Quarterly_Energy_Prices_December_2021.pdf}},
	note = {Accessed: 2021-12-30},
}

@misc{ISG,
  title = {Isabella Steward Gardner Music Collection},
  author = {{Isabella Steward Gardner Museum}},
  year = {2022},
  howpublished = {\url{https://www.gardnermuseum.org/experience/music}},
  note = {Accessed: 2022-08-12}
}

@misc{Sentinel,
  title = {Sentinel Online},
  author = {{European Space Agency}},
  year = {2022},
  howpublished = {\url{https://sentinel.esa.int/web/sentinel/sentinel-data-access}},
  note = {Accessed: 2022-08-15}
}

@misc{lambdaGPUBenchmark,
  title = {Deep Learning GPU Benchmarks - V100 vs 2080 Ti vs 1080 Ti vs Titan V},
  author = {{Lambda Labs}},
  year = {2018},
  howpublished = {\url{https://lambdalabs.com/blog/best-gpu-tensorflow-2080-ti-vs-v100-vs-titan-v-vs-1080-ti-benchmark/}},
  note = {Accessed: 2022-08-15}
}